@inproceedings{dlf06,
Author = {Di Lucca, G. A. and Fasolino, A. R.},
Booktitle = {INFORMATION AND SOFTWARE TECHNOLOGY},
Pages = {1172 - 1186},
Series = {International workshops on quality assurance and testing of web based applications},
Title = {Testing Web-based applications: The state of the art and future trends.},
URL = {http://ludwig.lub.lu.se/login?url=http://search.ebscohost.com/login.aspx?direct=true&AuthType=ip,uid&db=edsbl&AN=CN062137564&site=eds-live&scope=site},
Year = {2006},
}


@article{kt01,
Author = {Kallepalli, C. and Tian, J.},
ISSN = {00985589},
Journal = {IEEE Transactions on Software Engineering},
Keywords = {Markov chain, Reliability analysis, Statistical testing, Usage measurement, World Wide Web},
Number = {11},
Pages = {1023-1036},
Title = {Measuring and modeling usage and reliability for statistical web testing.},
Volume = {27},
URL = {http://ludwig.lub.lu.se/login?url=http://search.ebscohost.com/login.aspx?direct=true&AuthType=ip,uid&db=edselc&AN=edselc.2-52.0-0035505613&site=eds-live&scope=site},
Year = {2001},
}

@article{mtr08,
Author = {Marchetto, A. and Tonella, P. and Ricca, F.},
ISSN = {14332779},
Journal = {International Journal on Software Tools for Technology Transfer},
Keywords = {AJAX, Software testing, State-based testing, Web applications},
Number = {6},
Pages = {477-492},
Title = {A case study-based comparison of web testing techniques applied to AJAX web applications.},
Volume = {10},
URL = {http://ludwig.lub.lu.se/login?url=http://search.ebscohost.com/login.aspx?direct=true&AuthType=ip,uid&db=edselc&AN=edselc.2-52.0-55549108344&site=eds-live&scope=site},
Year = {2008},
}

@Misc{agileload,
key = {Agileload},
howpublished = "\url{http://www.agileload.com/}",
title = {Agileload},
}

@Misc{ahd,
key = {Nastel},
howpublished = "\url{http://www.nastel.com/products/free-software/autopilot-heap-detective-detect-java-memory-leaks.html}",
title = {Autopilot Heap Detective},
}

@Misc{links,
key = {Elsop},
howpublished = "\url{http://www.elsop.com/}",
title = "LinkScan",
}

@Misc{w3,
key = {W3},
howpublished = "\url{http://www.w3.org/Style/CSS/}",
title = {W3},
}

@Misc{totval,
key = {Total Validator},
howpublished = "\url{http://totalvalidator.com/}",
title = {Total Validator},
}

@Misc{skipfish,
key = "SkipFish",
howpublished = "\url{http://totalvalidator.com/}",
title = "SkipFish",
}

@Misc{mobitest,
key = {MobiTest},
howpublished = "\url{http://mobitest.akamai.com/m/index.cgi}",
title = "MobiTest",
}

@Misc{softqa,
key = {SoftwareQATest.com},
howpublished = "\url{http://www.softwareqatest.com/qatweb1.html}",
title = "SoftwareQATest.com",
}
